<?xml version="1.0" encoding="UTF-8"?>
  <record xmlns="http://www.loc.gov/MARC21/slim" type="Authority">
    <leader>00000nz  a2200000nc 4500</leader>
    <controlfield tag="001">119118416</controlfield>
    <controlfield tag="003">DE-101</controlfield>
    <controlfield tag="005">20160909161426.0</controlfield>
    <controlfield tag="008">930929n||azznnaabn           | aaa    |c</controlfield>
    <datafield tag="024" ind1="7" ind2=" ">
      <subfield code="a">119118416</subfield>
      <subfield code="0">http://d-nb.info/gnd/119118416</subfield>
      <subfield code="2">gnd</subfield>
    </datafield>
    <datafield tag="035" ind1=" " ind2=" ">
      <subfield code="a">(DE-101)119118416</subfield>
    </datafield>
    <datafield tag="035" ind1=" " ind2=" ">
      <subfield code="a">(DE-588)119118416</subfield>
    </datafield>
    <datafield tag="035" ind1=" " ind2=" ">
      <subfield code="z">(DE-588a)119118416</subfield>
      <subfield code="9">v:zg</subfield>
    </datafield>
    <datafield tag="035" ind1=" " ind2=" ">
      <subfield code="z">(DE-588c)4323509-8</subfield>
      <subfield code="9">v:zg</subfield>
    </datafield>
    <datafield tag="040" ind1=" " ind2=" ">
      <subfield code="a">DE-12</subfield>
      <subfield code="c">DE-12</subfield>
      <subfield code="9">r:DE-12</subfield>
      <subfield code="b">ger</subfield>
      <subfield code="d">9999</subfield>
    </datafield>
    <datafield tag="042" ind1=" " ind2=" ">
      <subfield code="a">gnd1</subfield>
    </datafield>
    <datafield tag="043" ind1=" " ind2=" ">
      <subfield code="c">XA-DE</subfield>
    </datafield>
    <datafield tag="065" ind1=" " ind2=" ">
      <subfield code="a">16.5p</subfield>
      <subfield code="2">sswd</subfield>
    </datafield>
    <datafield tag="075" ind1=" " ind2=" ">
      <subfield code="b">p</subfield>
      <subfield code="2">gndgen</subfield>
    </datafield>
    <datafield tag="075" ind1=" " ind2=" ">
      <subfield code="b">pik</subfield>
      <subfield code="2">gndspec</subfield>
    </datafield>
    <datafield tag="079" ind1=" " ind2=" ">
      <subfield code="a">g</subfield>
      <subfield code="q">s</subfield>
      <subfield code="q">a</subfield>
      <subfield code="q">f</subfield>
      <subfield code="u">w</subfield>
      <subfield code="u">v</subfield>
      <subfield code="u">o</subfield>
    </datafield>
    <datafield tag="100" ind1="0" ind2=" ">
      <subfield code="a">Christian</subfield>
      <subfield code="b">I.</subfield>
      <subfield code="c">Anhalt-Bernburg, Fürst</subfield>
      <subfield code="d">1568-1630</subfield>
    </datafield>
    <datafield tag="375" ind1=" " ind2=" ">
      <subfield code="a">1</subfield>
      <subfield code="2">iso5218</subfield>
    </datafield>
    <datafield tag="400" ind1="0" ind2=" ">
      <subfield code="a">Christian</subfield>
      <subfield code="c">Anhalt, Fürst, der Ältere</subfield>
      <subfield code="d">1568-1630</subfield>
    </datafield>
    <datafield tag="400" ind1="0" ind2=" ">
      <subfield code="a">Christian</subfield>
      <subfield code="b">I.</subfield>
      <subfield code="c">Anhalt, Fürst</subfield>
      <subfield code="d">1568-1630</subfield>
    </datafield>
    <datafield tag="400" ind1="0" ind2=" ">
      <subfield code="a">Christian</subfield>
      <subfield code="c">Anhalt, Fürst</subfield>
      <subfield code="d">1568-1630</subfield>
    </datafield>
    <datafield tag="400" ind1="0" ind2=" ">
      <subfield code="a">Christian</subfield>
      <subfield code="c">Anhaltinum, Princeps, Senior</subfield>
      <subfield code="d">1568-1630</subfield>
    </datafield>
    <datafield tag="400" ind1="0" ind2=" ">
      <subfield code="a">Christian</subfield>
      <subfield code="c">Ascanien, Graf</subfield>
      <subfield code="d">1568-1630</subfield>
    </datafield>
    <datafield tag="400" ind1="0" ind2=" ">
      <subfield code="a">Christian</subfield>
      <subfield code="c">Askanien, Graf</subfield>
      <subfield code="d">1568-1630</subfield>
    </datafield>
    <datafield tag="400" ind1="0" ind2=" ">
      <subfield code="a">Christian</subfield>
      <subfield code="c">Princeps Anhaltinus</subfield>
      <subfield code="d">1568-1630</subfield>
    </datafield>
    <datafield tag="400" ind1="0" ind2=" ">
      <subfield code="a">Christian</subfield>
      <subfield code="c">zu Bernburg und Zerbst</subfield>
      <subfield code="d">1568-1630</subfield>
    </datafield>
    <datafield tag="400" ind1="0" ind2=" ">
      <subfield code="a">Christianus</subfield>
      <subfield code="c">Anhalt, Fürst, der Ältere</subfield>
      <subfield code="d">1568-1630</subfield>
    </datafield>
    <datafield tag="400" ind1="0" ind2=" ">
      <subfield code="a">Christianus</subfield>
      <subfield code="c">Anhalt, Fürst</subfield>
      <subfield code="d">1568-1630</subfield>
    </datafield>
    <datafield tag="400" ind1="0" ind2=" ">
      <subfield code="a">Christianus</subfield>
      <subfield code="c">Anhalt, Princeps</subfield>
      <subfield code="d">1568-1630</subfield>
    </datafield>
    <datafield tag="400" ind1="0" ind2=" ">
      <subfield code="a">Christianus</subfield>
      <subfield code="b">I.</subfield>
      <subfield code="c">Anhalt-Bernburg, Fürst</subfield>
      <subfield code="d">1568-1630</subfield>
    </datafield>
    <datafield tag="400" ind1="0" ind2=" ">
      <subfield code="a">Christianus</subfield>
      <subfield code="c">Anhaltinum, Princeps, Senior</subfield>
      <subfield code="d">1568-1630</subfield>
    </datafield>
    <datafield tag="400" ind1="0" ind2=" ">
      <subfield code="a">Christianus</subfield>
      <subfield code="c">Anhaltum, Princeps</subfield>
      <subfield code="d">1568-1630</subfield>
    </datafield>
    <datafield tag="400" ind1="0" ind2=" ">
      <subfield code="a">Christianus</subfield>
      <subfield code="c">Ascanien, Graf</subfield>
      <subfield code="d">1568-1630</subfield>
    </datafield>
    <datafield tag="400" ind1="0" ind2=" ">
      <subfield code="a">Christianus</subfield>
      <subfield code="c">Princeps Anhaltinus</subfield>
      <subfield code="d">1568-1630</subfield>
    </datafield>
    <datafield tag="400" ind1="0" ind2=" ">
      <subfield code="a">Christianus</subfield>
      <subfield code="c">zu Berenburg und Zerbst</subfield>
      <subfield code="d">1568-1630</subfield>
    </datafield>
    <datafield tag="400" ind1="0" ind2=" ">
      <subfield code="a">Christianus</subfield>
      <subfield code="c">zu Bernburg und Zerbst</subfield>
      <subfield code="d">1568-1630</subfield>
    </datafield>
    <datafield tag="400" ind1="1" ind2=" ">
      <subfield code="a">Ascanien, Christian &#152;zu&#156;</subfield>
      <subfield code="d">1568-1630</subfield>
    </datafield>
    <datafield tag="400" ind1="1" ind2=" ">
      <subfield code="a">Ascanien, Christianus &#152;zu&#156;</subfield>
      <subfield code="d">1568-1630</subfield>
    </datafield>
    <datafield tag="400" ind1="1" ind2=" ">
      <subfield code="a">Askanien, Christian &#152;zu&#156;</subfield>
      <subfield code="d">1568-1630</subfield>
    </datafield>
    <datafield tag="400" ind1="1" ind2=" ">
      <subfield code="a">Berenburg und Zerbst, Christian &#152;zu&#156;</subfield>
      <subfield code="d">1568-1630</subfield>
    </datafield>
    <datafield tag="400" ind1="1" ind2=" ">
      <subfield code="a">Berenburg und Zerbst, Christianus &#152;zu&#156;</subfield>
      <subfield code="d">1568-1630</subfield>
    </datafield>
    <datafield tag="400" ind1="1" ind2=" ">
      <subfield code="a">Bernburg und Zerbst, Christian &#152;zu&#156;</subfield>
      <subfield code="d">1568-1630</subfield>
    </datafield>
    <datafield tag="400" ind1="1" ind2=" ">
      <subfield code="a">Bernburg und Zerbst, Christianus &#152;zu&#156;</subfield>
      <subfield code="d">1568-1630</subfield>
    </datafield>
    <datafield tag="400" ind1="1" ind2=" ">
      <subfield code="a">Zerbst, Christian zu Bernburg &#152;und&#156;</subfield>
      <subfield code="d">1568-1630</subfield>
    </datafield>
    <datafield tag="400" ind1="1" ind2=" ">
      <subfield code="a">Anhaltu, Kristián &#152;z&#156;</subfield>
      <subfield code="d">1568-1630</subfield>
    </datafield>
    <datafield tag="400" ind1="0" ind2=" ">
      <subfield code="a">Christian</subfield>
      <subfield code="b">I., von Anhalt-Bernburg</subfield>
      <subfield code="d">1568-1630</subfield>
    </datafield>
    <datafield tag="500" ind1="0" ind2=" ">
      <subfield code="0">(DE-101)104173297</subfield>
      <subfield code="0">(DE-588)104173297</subfield>
      <subfield code="0">https://d-nb.info/gnd/104173297</subfield>
      <subfield code="a">Joachim Ernst</subfield>
      <subfield code="c">Anhalt, Fürst</subfield>
      <subfield code="d">1536-1586</subfield>
      <subfield code="4">bezf</subfield>
      <subfield code="4">https://d-nb.info/standards/elementset/gnd#familialRelationship</subfield>
      <subfield code="w">r</subfield>
      <subfield code="i">Beziehung familiaer</subfield>
      <subfield code="e">Beziehung familiaer</subfield>
      <subfield code="9">v:Vater</subfield>
    </datafield>
    <datafield tag="500" ind1="0" ind2=" ">
      <subfield code="0">(DE-101)104173149</subfield>
      <subfield code="0">(DE-588)104173149</subfield>
      <subfield code="0">https://d-nb.info/gnd/104173149</subfield>
      <subfield code="a">Anna</subfield>
      <subfield code="c">Anhalt, Fürstin</subfield>
      <subfield code="d">1579-1624</subfield>
      <subfield code="4">bezf</subfield>
      <subfield code="4">https://d-nb.info/standards/elementset/gnd#familialRelationship</subfield>
      <subfield code="w">r</subfield>
      <subfield code="i">Beziehung familiaer</subfield>
      <subfield code="e">Beziehung familiaer</subfield>
      <subfield code="9">v:Ehefrau</subfield>
    </datafield>
    <datafield tag="500" ind1="0" ind2=" ">
      <subfield code="0">(DE-101)119130947</subfield>
      <subfield code="0">(DE-588)119130947</subfield>
      <subfield code="0">https://d-nb.info/gnd/119130947</subfield>
      <subfield code="a">Christian</subfield>
      <subfield code="b">II.</subfield>
      <subfield code="c">Anhalt-Bernburg, Fürst</subfield>
      <subfield code="d">1599-1656</subfield>
      <subfield code="4">bezf</subfield>
      <subfield code="4">https://d-nb.info/standards/elementset/gnd#familialRelationship</subfield>
      <subfield code="w">r</subfield>
      <subfield code="i">Beziehung familiaer</subfield>
      <subfield code="e">Beziehung familiaer</subfield>
      <subfield code="9">v:Sohn</subfield>
    </datafield>
    <datafield tag="500" ind1="0" ind2=" ">
      <subfield code="0">(DE-101)102042632</subfield>
      <subfield code="0">(DE-588)102042632</subfield>
      <subfield code="0">https://d-nb.info/gnd/102042632</subfield>
      <subfield code="a">Friedrich</subfield>
      <subfield code="c">Anhalt-Bernburg, Fürst</subfield>
      <subfield code="d">1613-1670</subfield>
      <subfield code="4">bezf</subfield>
      <subfield code="4">https://d-nb.info/standards/elementset/gnd#familialRelationship</subfield>
      <subfield code="w">r</subfield>
      <subfield code="i">Beziehung familiaer</subfield>
      <subfield code="e">Beziehung familiaer</subfield>
      <subfield code="9">v:Sohn</subfield>
    </datafield>
    <datafield tag="500" ind1="0" ind2=" ">
      <subfield code="0">(DE-101)124760171</subfield>
      <subfield code="0">(DE-588)124760171</subfield>
      <subfield code="0">https://d-nb.info/gnd/124760171</subfield>
      <subfield code="a">Amalie Juliane</subfield>
      <subfield code="c">Anhalt-Bernburg, Fürstin</subfield>
      <subfield code="d">1597-1605</subfield>
      <subfield code="4">bezf</subfield>
      <subfield code="4">https://d-nb.info/standards/elementset/gnd#familialRelationship</subfield>
      <subfield code="w">r</subfield>
      <subfield code="i">Beziehung familiaer</subfield>
      <subfield code="e">Beziehung familiaer</subfield>
      <subfield code="9">v:Tochter</subfield>
    </datafield>
    <datafield tag="500" ind1="0" ind2=" ">
      <subfield code="0">(DE-101)122714520</subfield>
      <subfield code="0">(DE-588)122714520</subfield>
      <subfield code="0">https://d-nb.info/gnd/122714520</subfield>
      <subfield code="a">Eleonora Maria</subfield>
      <subfield code="c">Mecklenburg-Güstrow, Herzogin</subfield>
      <subfield code="d">1600-1657</subfield>
      <subfield code="4">bezf</subfield>
      <subfield code="4">https://d-nb.info/standards/elementset/gnd#familialRelationship</subfield>
      <subfield code="w">r</subfield>
      <subfield code="i">Beziehung familiaer</subfield>
      <subfield code="e">Beziehung familiaer</subfield>
      <subfield code="9">v:Tochter</subfield>
    </datafield>
    <datafield tag="500" ind1="0" ind2=" ">
      <subfield code="0">(DE-101)1018152237</subfield>
      <subfield code="0">(DE-588)1018152237</subfield>
      <subfield code="0">https://d-nb.info/gnd/1018152237</subfield>
      <subfield code="a">Anna Sophia</subfield>
      <subfield code="c">Anhalt-Köthen, Fürstin</subfield>
      <subfield code="d">1604-1640</subfield>
      <subfield code="4">bezf</subfield>
      <subfield code="4">https://d-nb.info/standards/elementset/gnd#familialRelationship</subfield>
      <subfield code="w">r</subfield>
      <subfield code="i">Beziehung familiaer</subfield>
      <subfield code="e">Beziehung familiaer</subfield>
      <subfield code="9">v:Tochter</subfield>
    </datafield>
    <datafield tag="500" ind1="0" ind2=" ">
      <subfield code="0">(DE-101)104373946</subfield>
      <subfield code="0">(DE-588)104373946</subfield>
      <subfield code="0">https://d-nb.info/gnd/104373946</subfield>
      <subfield code="a">Sibylle Elisabeth</subfield>
      <subfield code="c">Anhalt-Bernburg, Fürstin</subfield>
      <subfield code="d">1602-1648</subfield>
      <subfield code="4">bezf</subfield>
      <subfield code="4">https://d-nb.info/standards/elementset/gnd#familialRelationship</subfield>
      <subfield code="w">r</subfield>
      <subfield code="i">Beziehung familiaer</subfield>
      <subfield code="e">Beziehung familiaer</subfield>
      <subfield code="9">v:Tochter</subfield>
    </datafield>
    <datafield tag="500" ind1="0" ind2=" ">
      <subfield code="0">(DE-101)1068276444</subfield>
      <subfield code="0">(DE-588)1068276444</subfield>
      <subfield code="0">https://d-nb.info/gnd/1068276444</subfield>
      <subfield code="a">Luise Amalie</subfield>
      <subfield code="c">Anhalt-Bernburg, Fürstin</subfield>
      <subfield code="d">1606-1635</subfield>
      <subfield code="4">bezf</subfield>
      <subfield code="4">https://d-nb.info/standards/elementset/gnd#familialRelationship</subfield>
      <subfield code="w">r</subfield>
      <subfield code="i">Beziehung familiaer</subfield>
      <subfield code="e">Beziehung familiaer</subfield>
      <subfield code="9">v:Tochter</subfield>
    </datafield>
    <datafield tag="548" ind1=" " ind2=" ">
      <subfield code="a">1568-1630</subfield>
      <subfield code="4">datl</subfield>
      <subfield code="4">https://d-nb.info/standards/elementset/gnd#dateOfBirthAndDeath</subfield>
      <subfield code="w">r</subfield>
      <subfield code="i">Lebensdaten</subfield>
    </datafield>
    <datafield tag="548" ind1=" " ind2=" ">
      <subfield code="a">11.05.1568-17.04.1630</subfield>
      <subfield code="4">datx</subfield>
      <subfield code="4">https://d-nb.info/standards/elementset/gnd#dateOfBirthAndDeath</subfield>
      <subfield code="w">r</subfield>
      <subfield code="i">Exakte Lebensdaten</subfield>
    </datafield>
    <datafield tag="550" ind1=" " ind2=" ">
      <subfield code="0">(DE-101)040004643</subfield>
      <subfield code="0">(DE-588)4000464-8</subfield>
      <subfield code="0">https://d-nb.info/gnd/4000464-8</subfield>
      <subfield code="a">Adel</subfield>
      <subfield code="4">berc</subfield>
      <subfield code="4">https://d-nb.info/standards/elementset/gnd#professionOrOccupation</subfield>
      <subfield code="w">r</subfield>
      <subfield code="i">Charakteristischer Beruf</subfield>
    </datafield>
    <datafield tag="550" ind1=" " ind2=" ">
      <subfield code="0">(DE-101)041556038</subfield>
      <subfield code="0">(DE-588)4155603-3</subfield>
      <subfield code="0">https://d-nb.info/gnd/4155603-3</subfield>
      <subfield code="a">Fürst</subfield>
      <subfield code="4">adel</subfield>
      <subfield code="4">https://d-nb.info/standards/elementset/gnd#titleOfNobility</subfield>
      <subfield code="w">r</subfield>
      <subfield code="i">Adelstitel</subfield>
    </datafield>
    <datafield tag="550" ind1=" " ind2=" ">
      <subfield code="0">(DE-101)04123488X</subfield>
      <subfield code="0">(DE-588)4123488-1</subfield>
      <subfield code="0">https://d-nb.info/gnd/4123488-1</subfield>
      <subfield code="a">Kanzler</subfield>
      <subfield code="4">beru</subfield>
      <subfield code="4">https://d-nb.info/standards/elementset/gnd#professionOrOccupation</subfield>
      <subfield code="w">r</subfield>
      <subfield code="i">Beruf</subfield>
    </datafield>
    <datafield tag="551" ind1=" " ind2=" ">
      <subfield code="0">(DE-101)040057747</subfield>
      <subfield code="0">(DE-588)4005774-4</subfield>
      <subfield code="0">https://d-nb.info/gnd/4005774-4</subfield>
      <subfield code="a">Bernburg (Saale)</subfield>
      <subfield code="4">ortg</subfield>
      <subfield code="4">https://d-nb.info/standards/elementset/gnd#placeOfBirth</subfield>
      <subfield code="w">r</subfield>
      <subfield code="i">Geburtsort</subfield>
    </datafield>
    <datafield tag="551" ind1=" " ind2=" ">
      <subfield code="0">(DE-101)040057747</subfield>
      <subfield code="0">(DE-588)4005774-4</subfield>
      <subfield code="0">https://d-nb.info/gnd/4005774-4</subfield>
      <subfield code="a">Bernburg (Saale)</subfield>
      <subfield code="4">orts</subfield>
      <subfield code="4">https://d-nb.info/standards/elementset/gnd#placeOfDeath</subfield>
      <subfield code="w">r</subfield>
      <subfield code="i">Sterbeort</subfield>
    </datafield>
    <datafield tag="667" ind1=" " ind2=" ">
      <subfield code="a">384</subfield>
    </datafield>
    <datafield tag="667" ind1=" " ind2=" ">
      <subfield code="a">VD-17</subfield>
    </datafield>
    <datafield tag="670" ind1=" " ind2=" ">
      <subfield code="a">B 1986</subfield>
    </datafield>
    <datafield tag="670" ind1=" " ind2=" ">
      <subfield code="a">Wikipedia</subfield>
      <subfield code="u">http://de.wikipedia.org/wiki/Christian_I._%28Anhalt-Bernburg%29</subfield>
    </datafield>
    <datafield tag="672" ind1=" " ind2="0">
      <subfield code="a">Johann Kasimir &lt;Anhalt-Dessau, Fürst&gt;: De officio principis orationes 3. - 1610</subfield>
    </datafield>
    <datafield tag="672" ind1=" " ind2="0">
      <subfield code="a">De officio principis. - 1610</subfield>
    </datafield>
    <datafield tag="678" ind1=" " ind2=" ">
      <subfield code="b">Dt. Adliger; Fürst von Anhalt-Bernburg; ab 1595 Statthalter der Oberpfalz; ab 1610 Kanzler der Pfalz</subfield>
    </datafield>
    <datafield tag="913" ind1=" " ind2=" ">
      <subfield code="S">pnd</subfield>
      <subfield code="i">5</subfield>
      <subfield code="a">Christian &lt;Anhalt-Bernburg, Fürst, I.&gt;</subfield>
      <subfield code="0">(DE-588a)119118416</subfield>
    </datafield>
  </record>
